@book{wilkinson1998,
author = {Wilkinson, Barry and Allen, Michael},
title = {Parallel Programming: Techniques and Applications Using Networked Workstations and Parallel Computers},
year = {1998},
isbn = {0136717101},
publisher = {Prentice-Hall, Inc.},
address = {USA}
}
@book{THEODORIDIS20201,
author = {Sergios Theodoridis},
title = {Machine Learning. A Bayesian and Optimization Perspective},
publisher = {Academic Press},
edition = {Second Edition},
pages = {1-17},
year = {2020},
isbn = {978-0-12-818803-3},
doi = {https://doi.org/10.1016/B978-0-12-818803-3.00010-6},
url = {https://www.sciencedirect.com/science/article/pii/B9780128188033000106},
keywords = {Machine learning, Artificial intelligence, Speech recognition, Computer vision, Natural language processing, Robotics, Autonomous cars, Supervised learning, Classification, Regression, Unsupervised learning, Clustering, Semisupervised learning, Reinforcement learing}
}